@misc{Griffin2011,
author = {Griffin, Leigh and Ryan, Kieran and de Leastar, Eamonn and Botvich, Dmitri},
title = {Scaling Instant Messaging Communication Services: 
 A Comparison of Blocking and Non-Blocking techniques},
url = {http://repository.wit.ie/1636/},
urldate = {2017-03-10},
journal = {IEEE},
year = {2011}, 
note = {[online] Accessed: 10-03-2017}
}
@misc{Angular2017,
author = {AngularJs},
title = {What is AngularJS?},
url = {https://docs.angularjs.org/guide/introduction},
urldate = {2017-03-10},
journal = {AngularJS.org},
year = {2017}, 
note = {[online] Accessed: 10-03-2017}
}
@misc{Vagrant2017,
author = {Vagrant},
title = {Why Vagrant?},
url = {https://www.vagrantup.com/docs/why-vagrant/},
urldate = {2017-03-10},
journal = {VagrantUp.com},
year = {2017}, 
note = {[online] Accessed: 10-03-2017}
}
@misc{Nodejs.org2016,
author = {Nodejs.org},
title = {{Node.js}},
url = {https://nodejs.org/en/},
urldate = {2016-10-22},
journal = {Node.JS},
year = {2016}, 
note = {[online] Accessed: 27/11/2016}
}
@misc{UIRepo2016,
author = {Ahlquist, Kevan},
title = {{UI For Docker}},
url = {https://goo.gl/Y8MjxK},
journal = {Github},
urldate = {2016-10-26},
year = {2016}, 
note = {[online] Accessed: 27/11/2016}
}
@misc{Docker2017,
author = {Docker},
title = {Docker Overview},
url = {https://docs.docker.com/engine/understanding-docker/},
journal = {Docker.com},
urldate = {2017-03-08},
year = {2017},
note = {[online Accessed: 08/03/2017]}
}
@misc{Docker2016,
author = {Docker},
title = {{Docker Cloud}},
url = {https://cloud.docker.com/features/deploy/},
journal = {Docker.com},
urldate = {2016-11-3},
year = {2016}, 
note = {[online] Accessed: 27/11/2016}
}
@misc{WhatDocker,
author = {Docker},
title = {{What is Docker}},
url = {https://www.docker.com/what-docker},
journal = {Docker.com},
urldate = {2016-11-10},
year = {2016}, 
note = {[online] Accessed: 27/11/2016}
}
@misc{Mongo216,
author = {MongoDB},
title = {{Mongo - NoSQL Explained}},
url = {https://www.mongodb.com/nosql-explained},
journal = {MongoDB.com},
urldate = {2016-11-3},
year = {2016}, 
note = {[online] Accessed: 27/11/2016}
}
@misc{Manifesto2016,
author = {Bowes, Jim},
journal = {Manifesto.com},
title = {{Agile vs Waterfall: Comparing project management methods}},
url = {https://goo.gl/nI9dZ0},
urldate = {2016-10-22},
year = {2016}, 
note = {[online] Accessed: 27/11/2016}
}
@misc{Agile2016,
author = {{Agile Methodology}},
journal = {AgileMethodology.org},
title = {{The Agile Movement}},
url = {http://agilemethodology.org/},
urldate = {2016-11-01},
year = {2016}, 
note = {[online] Accessed: 27/11/2016}
}
@misc{Datadog2016,
author = {{Datadog}},
journal = {Datadoghq.com},
title = {{8 Surprising Facts About Real Docker Adoption}},
url = {https://www.datadoghq.com/docker-adoption/},
urldate = {2016-11-12},
year = {2016}, 
note = {[online] Accessed: 27/11/2016}
}
@misc{RedHat2016,
author = {{RedHat}},
journal = {RedHat.com},
title = {{Red Hat Mobile Application Platform}},
url = {https://www.redhat.com/en/technologies/mobile/application-platform},
urldate = {2016-11-12},
year = {2016}, 
note = {[online] Accessed: 27/11/2016}
}
@misc{Sonar2016,
author = {{SonarQube}},
journal = {SonarQube.org},
title = {{SonarQube}},
url = {http://www.sonarqube.org/},
urldate = {2016-11-13},
year = {2016}, 
note = {[online] Accessed: 27/11/2016}
}
@misc{JBoss2016,
author = {Atlassian},
title = {{Jira Software}},
url = {https://www.atlassian.com/software/jira},
urldate = {2016-11-21},
year = {2016}, 
note = {[online] Accessed: 27/11/2016}
}
@misc{Fowler2006,
author = {Fowler, Martin},
journal = {MartinFowler.com},
title = {{Continuous Integration}},
url = {http://martinfowler.com/articles/continuousIntegration.html},
urldate = {2016-11-21},
year = {2006},
note = {[online] Accessed: 27/11/2016}
}
