@misc{devops,
    author = {Ernest Mueller and James Wickett and Karthik Gaekwad and Peco Karayanev},
    title   = {What is DevOps},
    year    = "2016",
    howpublished   = {\url{https://theagileadmin.com/what-is-devops/}},
		note = {Accessed: 03-10-2016}
}

@misc{survey,
    author = {Martin Logan},
    title   = {DevOps.com},
    year    = "2014",
    howpublished   = {\url{https://devops.com/2014/01/23/fresh-stats-comparing-traditional-it-and-devops-oriented-productivity/}},
		note = {Accessed: 03-10-2016}
}

@misc{datadog,
    author = {DataDog},
    title = {Docker Adoption},
    year = "2015",
    howpublished   = {\url{https://www.datadoghq.com/docker-adoption/}},
    note = {Accessed: 03-10-2016}
}
