@misc{DockerUsage2016,
    author = {Peter Arijs},
    title   = {Docker usage statistics: Increased adoption by enterprises and for production use},
    year    = "2016",
		publisher = {CoScale},
    howpublished   = {\url{http://www.coscale.com/blog/docker-usage-statistics-increased-adoption-by-enterprises-and-for-production-use}},
		note = {Accessed: 23-03-2017}
}
@misc{DataDog2017,
    author = {Kay Young},
    title   = {The Docker Monitoring Problem},
    year    = "2017",
		publisher = {DataDog},
    howpublished   = {\url{https://www.datadoghq.com/blog/the-docker-monitoring-problem/}},
		note = {Accessed: 24-03-2017}
}
@misc{Conntrack2017,
    author = {{Conntrack}},
    title   = {Connection tracking tools},
    year    = "2017",
		publisher = {Conntrack},
    howpublished   = {\url{http://conntrack-tools.netfilter.org/}},
		note = {Accessed: 12-04-2017}
}
@misc{Kerrisk2013,
		author = {Kerrisk, Michael},
		booktitle = {LWN.net},
		title = {{Namespaces in operation, part 1: namespaces overview [LWN.net]}},
		howpublished = {\url{https://lwn.net/Articles/531114/}},
		year = {2013},
		note = {Accessed: 03-10-2016}
}
@misc{docker2016,
    author = {Docker},
    title = {What is Docker?},
    year = {2016},
    howpublished   = {\url{https://www.docker.com/what-docker}},
    note = {Accessed: 03-10-2016}
}
@misc{Swarm2016,
		author = {Docker},
		title = {{Docker Swarm}},
		howpublished = {\url{https://docs.docker.com/swarm/overview/}},
		note = {Accessed: 03-10-2016},
		year = {2016}
}
@misc{grafana2017,
		author = {Grafana},
		title = {{Grafana}},
		howpublished = {\url{https://grafana.com/}},
		note = {Accessed: 24-03-2016},
		year = {2017}
}
@misc{prometheus2017,
		author = {Prometheus},
		title = {{Prometheus}},
		howpublished = {\url{https://prometheus.io/docs/introduction/overview/}},
		note = {Accessed: 24-03-2016},
		year = {2017}
}
@misc{cAdvisor2017,
		author = {Google},
		title = {{cAdvisor}},
		howpublished = {\url{https://github.com/google/cadvisor}},
		note = {Accessed: 24-03-2016},
		year = {2017}
}
  @misc{Ansible2017,
  author = {Ansible},
  title = {{Ansible}},
  howpublished = {\url{https://www.ansible.com}},
  note = {Accessed: 15-03-2017},
  year = {2017}
}
