@misc{Nodejs.org2016,
author = {Nodejs.org},
title = {{Node.js}},
url = {https://nodejs.org/en/},
urldate = {2016-10-22},
year = {2016}
}
@misc{UIRepo2016,
author = {Ahlquist, Kevan},
title = {{UI For Docker}},
url = {https://goo.gl/Y8MjxK},
urldate = {2016-10-26},
year = {2016}
}
@misc{Docker2016,
author = {Docker},
title = {{Docker Cloud}},
url = {https://cloud.docker.com/features/deploy/},
urldate = {2016-11-3},
year = {2016}
}
@misc{Mongo216,
author = {MongoDB},
title = {{Mongo - NoSQL Explained}},
url = {https://www.mongodb.com/nosql-explained},
urldate = {2016-11-3},
year = {2016}
}
@misc{Manifesto2016,
author = {Bowes, Jim},
booktitle = {Manifesto.com},
title = {{Agile vs Waterfall: Comparing project management methods}},
url = {https://goo.gl/nI9dZ0},
urldate = {2016-10-22},
year = {2016}
}
@misc{Agile2016,
author = {{Agile Methodology}},
booktitle = {AgileMethodology.org},
title = {{The Agile Movement}},
url = {http://agilemethodology.org/},
urldate = {2016-11-01},
year = {2016}
}
